<?xml version="1.0" encoding="UTF-8"?><collection xmlns="http://www.loc.gov/MARC21/slim"><record><leader>00331nam--2200121-i-4500</leader><controlfield tag="001">000032424</controlfield><controlfield tag="002">20161230</controlfield><controlfield tag="005">20161230201039</controlfield><controlfield tag="008">060222s1000------------r-----000-0-eng-d</controlfield><datafield ind1=" " ind2=" " tag="080"><subfield code="a">553.495(6)(047.3)</subfield></datafield><datafield ind1=" " ind2=" " tag="245"><subfield code="a">Mission de la phase d`orientation de iurep. rapport succinct cameroun</subfield></datafield><datafield ind1=" " ind2=" " tag="260"><subfield code="a">Vienna, Aiea, 1985, 19p</subfield></datafield><datafield ind1=" " ind2=" " tag="852"><subfield code="a">73001</subfield></datafield></record></collection>